<?xml version="1.0" encoding="UTF-8"?><record xmlns="http://www.loc.gov/MARC21/slim" xmlns:cinclude="http://apache.org/cocoon/include/1.0" xmlns:zs="http://www.loc.gov/zing/srw/">
  <leader>00371cz  a2200133n  4500</leader>
  <controlfield tag="001">no2002048335</controlfield>
  <controlfield tag="003">DLC</controlfield>
  <controlfield tag="005">20020614145121.0</controlfield>
  <controlfield tag="008">020604n| acannaabn          |n ana     c</controlfield>
  <datafield tag="010" ind1=" " ind2=" ">
    <subfield code="a">no2002048335</subfield>
  </datafield>
  <datafield tag="035" ind1=" " ind2=" ">
    <subfield code="a">(OCoLC)oca05778249</subfield>
  </datafield>
  <datafield tag="040" ind1=" " ind2=" ">
    <subfield code="a">CtDabN</subfield>
    <subfield code="b">eng</subfield>
    <subfield code="c">CtDabN</subfield>
    <subfield code="d">DLC</subfield>
  </datafield>
  <datafield tag="110" ind1="2" ind2=" ">
    <subfield code="a">Claudia Levin Productions</subfield>
  </datafield>
  <datafield tag="670" ind1=" " ind2=" ">
    <subfield code="a">Only a teacher, 2001:</subfield>
    <subfield code="b">credits (Claudia Levin Productions)</subfield>
  </datafield>
</record>